% This file was created with JabRef 2.9.2.
% Encoding: ISO8859_1

@ARTICLE{Bahn2002,
  author = {S.R. Bahn and K.W. Jacobsen},
  title = {An object-oriented scripting interface to a legacy electronic structure
	code},
  journal = {Comput. Sci. Eng.},
  year = {2002},
  volume = {4},
  pages = {56-66},
  number = {3},
  note = {Code available from \url{http://wiki.fysik.dtu.dk/ase}},
  journalfull = {COMPUTING IN SCIENCE \& ENGINEERING},
  publisher = {IEEE COMPUTER SOC}
}

@ARTICLE{Giannozzi2009,
  author = {Paolo Giannozzi and Stefano Baroni and Nicola Bonini and Matteo Calandra
	and Roberto Car and Carlo Cavazzoni and Davide Ceresoli and Guido
	L Chiarotti and Matteo Cococcioni and Ismaila Dabo and Andrea {Dal
	Corso} and Stefano de Gironcoli and Stefano Fabris and Guido Fratesi
	and Ralph Gebauer and Uwe Gerstmann and Christos Gougoussis and Anton
	Kokalj and Michele Lazzeri and Layla Martin-Samos and Nicola Marzari
	and Francesco Mauri and Riccardo Mazzarello and Stefano Paolini and
	Alfredo Pasquarello and Lorenzo Paulatto and Carlo Sbraccia and Sandro
	Scandolo and Gabriele Sclauzero and Ari P Seitsonen and Alexander
	Smogunov and Paolo Umari and Renata M Wentzcovitch},
  title = {{QUANTUM ESPRESSO}: a modular and open-source software project for
	quantum simulations of materials},
  journal = {J. Phys. Condens. Matter},
  year = {2009},
  volume = {21},
  pages = {395502},
  number = {39},
  note = {Code available from \url{http://www.quantum-espresso.org}}
}

@ARTICLE{Hunter2007,
  author = {Hunter, J. D.},
  title = {Matplotlib: A {2D} graphics environment},
  journal = {Comput. Sci. Eng.},
  year = {2007},
  volume = {9},
  pages = {90--95},
  number = {3},
  note = {Code available from \url{matplotlib.org}},
  publisher = {IEEE COMPUTER SOC}
}

@ARTICLE{Kokalj2003,
  author = {Anton Kokalj},
  title = {Computer graphics and graphical user interfaces as tools in simulations
	of matter at the atomic scale},
  journal = {Comp. Mater. Sci.},
  year = {2003},
  volume = {28},
  pages = {155--168},
  note = {Code available from \url{http://www.xcrysden.org/}}
}

@MISC{pp-doc,
  note = {In QE distribution package, you can find the PWSCF input description
	in the file \url{$QE_DIR/PP/Doc/INPUT_PP.html}.}
}

@MISC{pwscf-doc,
  note = {In QE distribution package, you can find the PWSCF input description
	in the file \url{$QE_DIR/PW/Doc/INPUT_PW.html}.}
}

